@book{Agresti:2019,
	title        = {An introduction to categorical data analysis},
	author       = {Agresti, Alan},
	year         = 2019,
	publisher    = {Wiley},
	address      = {New York},
	isbn         = {0471113387 9780471113386},
	edition      = 3
}
@book{Brazzale/Davison/Reid:2007,
	title        = {Applied Asymptotics: Case Studies in Small-Sample Statistics},
	author       = {Brazzale, A. R. and Davison, A. C. and Reid, N.},
	year         = 2007,
	publisher    = {Cambridge University Press},
	address      = {Cambridge},
	series       = {Cambridge Series in Statistical and Probabilistic Mathematics},
	volume       = 23,
	pages        = 236,
	doi          = {10.1017/cbo9780511611131},
	isbn         = {978-0-521-84703-2; 0-521-84703-6},
	url          = {http://dx.doi.org/10.1017/CBO9780511611131},
	mrclass      = {62-01 (62-07 62f10 62f12)},
	mrnumber     = 2342742
}
@incollection{Brillinger/Preisler:1983,
	title        = {Maximum likelihood estimation in a latent variable problem},
	author       = {David R. Brillinger and Haiganoush K. Preisler},
	year         = 1983,
	booktitle    = {Studies in Econometrics, Time Series, and Multivariate Statistics},
	publisher    = {Academic Press},
	pages        = {31--65},
	doi          = {https://doi.org/10.1016/B978-0-12-398750-1.50008-5},
	isbn         = {978-0-12-398750-1},
	url          = {http://www.sciencedirect.com/science/article/pii/B9780123987501500085},
	editor       = {Samuel Karlin and Takeshi Amemiya and Leo A. Goodman}
}
@book{Brockwell/Davis:2016,
	title        = {Introduction to Time Series and Forecasting},
	author       = {Brockwell, P.J. and Davis, R.A.},
	year         = 2016,
	publisher    = {Springer},
	series       = {Springer Texts in Statistics},
	isbn         = 9783319298542
}
@article{Fox:1992,
	title        = {Generalized Collinearity Diagnostics},
	author       = {John Fox and Georges Monette},
	year         = 1992,
	journal      = {Journal of the American Statistical Association},
	publisher    = {Taylor \& Francis},
	volume       = 87,
	number       = 417,
	pages        = {178--183},
	doi          = {10.1080/01621459.1992.10475190},
	url          = {https://www.tandfonline.com/doi/abs/10.1080/01621459.1992.10475190},
	eprint       = {https://www.tandfonline.com/doi/pdf/10.1080/01621459.1992.10475190}
}
@article{Janssen:1997,
	title        = {Studentized permutation tests for non-i.i.d. hypotheses and the generalized {B}ehrens--{F}isher problem},
	author       = {Arnold Janssen},
	year         = 1997,
	journal      = {Statistics \& Probability Letters},
	volume       = 36,
	number       = 1,
	pages        = {9--21},
	doi          = {https://doi.org/10.1016/S0167-7152(97)00043-6},
	issn         = {0167-7152},
	url          = {http://www.sciencedirect.com/science/article/pii/S0167715297000436}
}
@book{McCullagh/Nelder:1989,
	title        = {Generalized linear models},
	author       = {McCullagh, P. and Nelder, J. A.},
	year         = 1989,
	publisher    = {London: Chapman \& Hall},
	pages        = 500,
	edition      = {{S}econd edition}
}
@article{Satterthwaite:1946,
	title        = {An Approximate Distribution of Estimates of Variance Components},
	author       = {F. E. Satterthwaite},
	year         = 1946,
	journal      = {Biometrics Bulletin},
	publisher    = {[International Biometric Society, Wiley]},
	volume       = 2,
	number       = 6,
	pages        = {110--114},
	issn         = {00994987},
	url          = {http://www.jstor.org/stable/3002019}
}
@book{SM:2008,
	title        = {Statistical Models},
	author       = {Davison, A. C.},
	year         = 2008,
	publisher    = {Cambridge University Press},
	address      = {Cambridge},
	series       = {Cambridge Series in Statistical and Probabilistic Mathematics},
	pages        = 736,
	doi          = {10.1017/cbo9780511815850},
	collection   = {Cambridge Series in Statistical and Probabilistic Mathematics}
}
@article{Svensson:1981,
	title        = {On a Goodness-of-Fit Test for Multiplicative {P}oisson Models},
	author       = {Svensson, Ake},
	year         = 1981,
	month        = {07},
	journal      = {Ann. Statist.},
	publisher    = {The Institute of Mathematical Statistics},
	volume       = 9,
	number       = 4,
	pages        = {697--704},
	doi          = {10.1214/aos/1176345512},
	url          = {https://doi.org/10.1214/aos/1176345512},
	fjournal     = {Annals of Statistics}
}
@article{Welch:1947,
	title        = {The generalization of ``Student's'' problem when several population variances are involved.},
	author       = {Welch, B. L.},
	year         = 1947,
	month        = {01},
	journal      = {Biometrika},
	volume       = 34,
	number       = {1--2},
	pages        = {28--35},
	doi          = {10.1093/biomet/34.1-2.28},
	issn         = {0006-3444},
	url          = {https://doi.org/10.1093/biomet/34.1-2.28}
}

@book{Davison:2003, 
place={Cambridge, UK}, 
 title={Statistical Models}, 
 publisher={Cambridge University Press},    
 author={Davison, A. C.}, 
 year={2003}
}
